@article{b1,
  author = {Serpush, F. and Menhaj, M. B. and Masoumi, B. and Karasfi, B.},
  title = {Wearable sensor-based human activity recognition in the smart healthcare system},
  journal = {Computational Intelligence and Neuroscience},
  volume = {2022},
  pages = {12},
  year = {2022},
  month = {Feb},
  doi = {10.1155/2022/1391906}
}

@misc{b2,
  author = {Health Service Executive (HSE)},
  title = {Seniors Alert Scheme},
  year = {2024},
  howpublished = {\url{https://www.hse.ie/eng/services/list/4/olderpeople/carersrelatives/community-support-for-older-people-.html}},
  note = {Accessed: Oct. 19, 2025}
}

@article{b3,
  author = {Kangas, M. and Korpelainen, R. and Vikman, I. and Nyberg, L. and Jämsä, T.},
  title = {Sensitivity and false alarm rate of a fall sensor in long-term fall detection in the elderly},
  journal = {Gerontology},
  volume = {61},
  number = {1},
  pages = {61--68},
  year = {2015},
  doi = {10.1159/000362720}
}

@article{b4,
  author = {Malone, E.},
  title = {Staff shortages and public perception leading to healthcare worker burnout, Fórsa research suggests},
  journal = {The Irish Times},
  year = {2025},
  month = {May},
  day = {15},
  url = {https://www.irishtimes.com/health/2025/05/15/healthcare-burnout-forsa/},
  note = {Accessed: Oct. 19, 2025}
}

@article{b5,
  author = {Logacjov, A. and Bach, K. and Kongsvold, A. and Bårdstu, H. B. and Mork, P. J.},
  title = {HARTH: A Human Activity Recognition Dataset for Machine Learning},
  journal = {Sensors},
  volume = {21},
  number = {23},
  pages = {7853},
  year = {2021},
  month = {Dec},
  doi = {10.3390/s21237853}
}

@article{b6,
  author = {Bach, K. and Logacjov, A. and Kongsvold, A. and Bårdstu, H. B. and Mork, P. J.},
  title = {A Machine Learning Classifier for Detection of Physical Activity Types and Postures During Free-Living},
  journal = {Journal for the Measurement of Physical Behaviour},
  volume = {1},
  number = {aop},
  pages = {1--8},
  year = {2021},
  month = {Dec},
  doi = {10.1123/jmpb.2021-0015}
}

@misc{b7,
  author = {{Adafruit Industries}},
  title = {Adafruit Feather nRF52840 Sense - Overview},
  howpublished = {\url{https://learn.adafruit.com/adafruit-feather-sense/overview}},
  note = {Accessed: Oct. 19, 2025}
}

@misc{b8,
  author = {{Maker Advisor}},
  title = {ESP32 Development Boards Review and Comparison},
  year = {2023},
  howpublished = {\url{https://makeradvisor.com/esp32-development-boards-review-comparison/}},
  note = {Accessed: Oct. 19, 2025}
}

@misc{inmo,
  author = {{Irish Nurses and Midwives Organisation}},
  title = {Pre-Budget Submission 2025},
  year = {2024},
  howpublished = {\url{https://www.inmo.ie/Portals/0/Documents/Public/Publications/INMO\%20Pre\%20Budget\%20Submission\%202025.pdf}},
  note = {Accessed: Oct. 21, 2025}
}

@misc{nRF52810,
  author = {{Nordic Semiconductor}},
  title = {Nordic Semiconductor nRF52810 System-on-Chip},
  howpublished = {\url{https://www.nordicsemi.com/Products/nRF52810}},
  note = {Accessed: Oct. 22, 2025}
}

@misc{BMI160,
  author = {{Bosch SensorTec}},
  title = {BMI160 Datasheet},
  howpublished = {\url{https://www.bosch-sensortec.com/media/boschsensortec/downloads/datasheets/bst-bmi160-ds000.pdf}},
  note = {Accessed: Oct. 22, 2025}
}